
@article{bachke2019,
  title = {Kroppsmisnøye blant eldre personer på treningssentre i Oslo-området. En kvantitativ studie med mål om å undersøke kroppsmisnøye blant eldre personer som trener på treningssenter og om kroppsmisnøye påvirker den helserelaterte livskvaliteten},
  author = {Bachke, Sigurd Grønvik},
  date = {2019},
  publisher = {{Universitetet i Sørøst-Norge}},
  url = {https://openarchive.usn.no/usn-xmlui/handle/11250/2775380},
  urldate = {2021-10-14},
  abstract = {I dagens samfunn stiger gjennomsnittsalderen, og det er viktig at vi holder oss i form lengst mulig. Da er det også interessant og viktig å finne ut hva som kan hindre at eldre holder seg i form. Vi vet at kroppsmisnøye er en viktig faktor for unge mennesker. I denne studien ser jeg på hva som påvirker kroppsmisnøye hos eldre mennesker – de over 60 år.      Målet med studien er å undersøke kroppsmisnøye blant eldre som trener på treningssentre og om kroppsmisnøye påvirker den helserelaterte livskvaliteten. Det er ønskelig å finne ut hvilke faktorer som påvirker kroppsmisnøye for personer over 60 år og om den helserelaterte livskvaliteten blir påvirket ved svekkelse i kroppsmisnøye.     For å prøve å få en teoretisk forklaring på hvorfor vi opplever kroppsmisnøye og hvordan det påvirker oss blir noen av arbeidene og teoriene til Michel Foucault og Pierre Bourdieu anvendt i denne studien.      Det er ikke gjort så mye forskning på denne gruppen tidligere, og det vil derfor være interessant å gjøre en befolkningsundersøkelse. Derfor ble det brukt en kvantitativ tilnærming med anonymiserte spørreskjemaer. Første del av spørreskjemaet stiller spørsmål om bakgrunnsopplysninger som kjønn, alder, vekt, høyde, utdanning, inntekt og mosjonsvaner. I tillegg er det to standardiserte spørreskjemaer; BSQ-14 som måler kroppsfasongmisnøye forårsaket av følelsen av å være fet, og RAND-36, som er et helserelatert livskvalitetsspørreskjema som vurderer fysisk og psykisk helse ut i fra åtte helserelaterte domener. Inklusjonskriteriene for denne oppgaven var at deltakerne var over 60 år og trente på et treningssenter i Oslo-området. Undersøkelsen er en analyse av 130 besvarelser.      Hovedfunnene viser at kvinnene opplevde større kroppsmisnøye enn mennene, noe som også er sett i tidligere studier, også på yngre personer. Den viktigste faktoren som predikerer kroppsmisnøye for denne gruppen var BMI-verdien. Deltakerne med høyere BMI opplever større kroppsmisnøye enn dem med lavere BMI. Kroppsmisnøye avtar med alderen, spesielt for menn, og menn med lavere utdanning opplever større kroppsmisnøye enn dem med lengre utdanning. Den helserelaterte livskvaliteten påvirkes negativt med større kroppsmisnøye, og det er hovedsakelig de mentale domenene innen helserelatert livskvalitet som svekkes.},
  langid = {nob},
  annotation = {Accepted: 2021-09-13T08:37:23Z},
  file = {/Users/Morten/Zotero/storage/C4ZE453Z/Bachke - 2019 - Kroppsmisnøye blant eldre personer på treningssent.pdf;/Users/Morten/Zotero/storage/KB83E34T/2775380.html}
}

@misc{deaton2009,
  title = {Life at the Top: The Benefits of Height},
  author = {Deaton, Angus and Arora, Raksha},
  date = {2009},
  url = {https://www.sciencedirect.com/science/article/pii/S1570677X0900046X}
}

@misc{judge2004,
  title = {The {{Effect}} of {{Physical Height}} on {{Workplace Success}} and {{Income}}: Preliminary {{Test}} of a {{Theoretical Model}}},
  author = {Judge, Timothy A. and Cable, Daniel M.},
  date = {2004},
  url = {http://ww.w.timothy-judge.com/Height%20paper--JAP%20published.pdf}
}


